@article{irizarry2013historical,
  title={Historical trends in Florida temperature and precipitation},
  author={Irizarry-Ortiz, Michelle M and Obeysekera, Jayantha and Park, Joseph and Trimble, Paul and Barnes, Jenifer and Park-Said, Winifred and Gadzinski, Erik},
  journal={Hydrological Processes},
  volume={27},
  number={16},
  pages={2225--2246},
  year={2013},
  publisher={Wiley Online Library}
}


@article{usda,
  title={National Forests in Florida: species diversity},
  author={USAFS},
  journal={USDA.gov},
  year={2021}
}

@article{obeysekera2011climate,
  title={Climate change and its implications for water resources management in south Florida},
  author={Obeysekera, Jayantha and Irizarry, Michelle and Park, Joseph and Barnes, Jenifer and Dessalegne, Tibebe},
  journal={Stochastic Environmental Research and Risk Assessment},
  volume={25},
  number={4},
  pages={495--516},
  year={2011},
  publisher={Springer}
}